@manual{_1,
 title = "W3C Semantic Web Activity",
      author = "W3C",
      year   = "2006. \\http://www.w3.org/2001/12/semweb-fin/w3csw, (přístup 8.1.2013)"
}

@book{_2,
author="Vitvar Tomáš",
title="Sémantický web",
publisher="ČVUT",
year="2011, http://www.cvut.cz/pracoviste/odbor-rozvoje/stranky/habilitace-a-inaugurace/habilitacni-prednasky/lecture.pdf",
isbn="",
address="Praha"
}

@manual{_3,
author="Štencek Jiří",
organization="\\Vysoká škola ekonomická v Praze",
title="Užití sémantických technologií ve značkovacích jazycích",
year="2009. http://vse.stencek.com/semanticky-web/, (přístup 4.2.2013)",
cited="4.2.2012"
}

@manual{_4,
author="Matulík Petr, Pitner Tomáš",
organization="\\Masarykova univerzita",
title="Sémantický web a jeho technologie",
year="2004. http://www.ics.muni.cz/zpravodaj/articles/\\296.html, (přístup 6.2.2013)",
cited="5.1.2011"
}

@manual{_5,
organization="W3C",
title="RDF/XML Syntax Specification",
year="2004.\\ http://www.w3.org/TR/REC-rdf-syntax, (přístup 6.2.2013)",
}

@manual{_6,
organization="W3C",
title="RDFConcepts and Abstract Syntax",
year="2004.\\ http://www.w3.org/TR/2004/REC-rdf-concepts-20040210/, (přístup 7.2.2013)",
}

@manual{_7,
organization="W3C",
title="RDF Vocabulary Description Language 1.0",
year="2004.\\http://www.w3.org/TR/rdf-schema/, (přístup 8.2.2013)",
}

@manual{_8,
organization="Semantic web",
title="Ontology",
year="2012.\\http://semanticweb.org/wiki/Ontology, (přístup 9.2.2013)",
}

@manual{_9,
author="Hanyáš Petr",
organization="Vysoké učení technické v Brně",
title="Sémantický web - tutotiál a demonstrační příklady",
year="2007. http://www.hanyas.net/download/soubor:\\bp\_cesky.pdf, (přístup 6.1.2013)",
}


@manual{_10,
      title = "Univerzita Hradec Králové",
      author = "Zanlostní technologie",
      year   = "2006. \\http://lide.uhk.cz/fim/ucitel/fshusam2/lekarnicky/zt1/zt1\_kap02.html, (přístup 9.2.2013)"
}


@manual{_11,
author="",
organization="W3C",
title="OWL Web Ontology Language Overview",
year="2004. \\http://www.w3.org/TR/owl-features/, (přístup 10.2.2013)",
}


@manual{_12,
organization="Svátek Vojtěch",
title="Sémantický web",
year="2010. \\http://nb.vse.cz/~svatek/rzzw/seweb-prehled.pdf, (přístup 10.2.2013)",
}

@manual{_13,
organization="Svátek Vojtěch",
title="SPARQL",
year="2010. \\http://nb.vse.cz/~svatek/rzzw/SPARQL%20-%20teorie.pdf, (přístup 11.2.2013)",
}

@manual{_14,
organization="W3C",
title="SPARQL Query Language for RDF",
year="2008.\\http://www.w3.org/TR/rdf-sparql-query, (přístup 8.2.2013)",
}


@book{_15,
author="Brůha Petr",
title="EEG/ERP portál a prostředky sémantického webu",
publisher="ZČU",
year="2011",
isbn="",
address="Plzeň"
}

@book{_16,
author="Kolena Jan",
title="EEG/ERP portal - reservation system for EEG/ERP laboratory",
publisher="ZČU",
year="2011",
isbn="",
address="Plzeň"
}


@manual{_17,
author="Kauler Jan",
organization="České vysoké učení technické v Praze",
title="Relační datový model",
year="webzam.fbmi.cvut.cz/szabozol/ISZ/Kauler/508.doc, (přístup 17.2.2013)",
}

@manual{_18,
author="Homola Vladimír",
organization="Vysoká škola báňská",
title="Kartézský součin, relace",
year="http://homel.vsb.cz/~hom50/SLBSTATS/MNO/GS01B.HTM, (přístup 17.2.2013)",
}

@manual{_19,
author="Kauler Jan",
organization="České vysoké učení technické v Praze",
title="Základní pojmy databáze",
year="webzam.fbmi.cvut.cz/szabozol/ISZ/Kauler/506.doc, (přístup 17.2.2013)",
}

@manual{_20,
      title = "Jak pracují databáze na Webu",
      author = "Kosek Jiří",
      year   = "http://www.kosek.cz/clanky/iweb/12.html, (přístup 15.2.2013)"
}


@manual{_21,
author="Zendulka Jaroslav",
organization="Vysoké učení technické v Brně",
title="Relační model dat",
year="http://www.fit.vutbr.cz/study/courses/DSI/public/pdf/nove/4\_2.pdf, (přístup 5.2.2013)",
}


@manual{_22,
organization="Gilfillan Ian",
title="Introduction to Relational Databases",
year="http://www.databasejournal.com/sqletc/article.php/1469521/Introduction-to-Relational-Databases.htm, (přístup 16.2.2013)",
}

@manual{_23,
organization="",
title="Semantic Web Tools",
year="http://semanticweb.org/wiki/Tools, (přístup 19.2.2013)",
}

@manual{_24,
organization="Openlink Software",
title="Virtuoso Universal Server",
year="http://virtuoso.openlinksw.com/, (přístup 19.2.2013)",
}

@manual{_25,
organization="Oracle",
title="Oracle Spatial",
year="http://www.orafaq.com/wiki/Spatial\_FAQ, (přístup 19.2.2013)",
}

@manual{_26,
organization="Oracle",
title="Oracle Database Semantic Technologies Tutorial",
year="http://download.oracle.com/otndocs/tech/semantic\_web/pdf/oradb\_semtech\_tutorial.pdf, (přístup 19.2.2013)",
}

@manual{_27,
organization="W3C",
title="XML Schema Part 2",
year="http://www.w3.org/TR/xmlschema-2/, (přístup 20.2.2013)",
}




@book{diplomka,
author="Papež Václav",
title="Neuroinformatická databáze a sémantický web",
publisher="ZČU",
year="2010",
isbn="",
address="Plzeň"
}


@manual{dva,
      title = "W3C Semantic Web Activity",
      author = "W3C",
      year   = "2006. \\http://www.w3.org/2001/12/semweb-fin/w3csw, (přístup 8.1.2011)"
}


@manual{tri,
author="Matulík Petr, Pitner Tomáš",
organization="\\Masarykova univerzita",
title="Sémantický web a jeho technologie",
year="2004. http://www.ics.muni.cz/zpravodaj/articles/\\296.html, (přístup 5.1.2011)",
cited="5.1.2011"
}

@manual{ctyri,
organization="W3C",
title="RDF/XML Syntax Specification",
year="2004.\\ http://www.w3.org/TR/REC-rdf-syntax, (přístup 6.1.2011)",
}



@manual{sest,
author="Hanyáš Petr",
organization="Vysoké učení technické v Brně",
title="Sémantický web - tutotiál a demonstrační příklady",
year="2007. http://www.hanyas.net/download/soubor:\\bp\_cesky.pdf, (přístup 6.1.2011)",
}



@manual{osm,
author="",
organization="JBoss Community",
title="Hibernate",
year="2010. http://www.hibernate.org/, (přístup 6.1.2011)",
}


@manual{devet,
author="",
organization="",
title="Jena – A Semantic Web Framework for Java",
year="2010. \\http://jena.sourceforge.net, (přístup 7.1.2011)",
}

@manual{deset,
author="",
organization="",
title="Jenabean",
year="2010. http://code.google.com/p/jenabean,\\ (přístup 5.1.2011)",
}

@manual{jedenact,
author="",
organization="Oracle",
title="Annotations",
year="2004. http://download.oracle.com/javase/1.5.0/\\docs/guide/language/annotations.html,     
 (přístup 27.12.2011)",
}


@manual{dvanact,
author="",
organization="Oracle",
title="The Java Tutorials - Annotations",
year="2010. \\http://download.oracle.com/javase/tutorial/java/javaOO/\\annotations.html, (přístup 27.12.2011)",
}


@manual{trinact,
author="",
organization="Oracle",
title="Java Platform, Standard Edition 6 API Specification",
year="2010.\\ http://download.oracle.com/javase/6/docs/api, (přístup 27.12.2011)",
}

@manual{ctrnact,
author="",
organization="",
title="The OWL API",
year="2011. http://owlapi.sourceforge.net, \\(přístup 26.3.2011) ",
}

@manual{patnact,
author="",
organization="W3C",
title="OWL Web Ontology Language",
year="2011. \\http://www.w3.org/TR/owl-ref, (přístup 20.3.2011)",
}

@manual{sestnact,
author="",
organization="Tauberer Joshua",
title="RDF about",
year="2011. http://www.rdfabout.com/intro, (přístup 20.3.2011)",
}

@manual{sedmnact,
author="",
organization="IBM",
title="IBM Jenabean",
year="2011. http://www.ibm.com/developerworks/java/\\library/j-jenabean/index.html,  (přístup 15.4.2011)",
}

@manual{osmnact,
author="",
organization="University of Washington",
title="Annotation File Utilities",
year="2011.\\ http://types.cs.washington.edu/annotation-file-utilities, \\(přístup 2.4.2011) ",
}

@manual{devatenact,
author="",
organization="Oracle",
title="The Java Archive (JAR) File Format",
year="2011. \\http://java.sun.com/developer/Books/javaprogramming/JAR, \\(přístup 4.4.2011) ",
}

@manual{dvacetJedna,
author="",
organization="Oracle",
title="Using Java Reflection",
year="2011. http://java.sun.com/developer/\\technicalArticles/ALT/Reflection, (přístup 27.3.2011) ",
}

@book{dvacetDva,
author="Grigoris, Antoniou - Frank, van Harmelen",
title="A Semantic Web Primer",
publisher="Massachusetts Institute of Technology",
year="2004. \\ISBN 0-262-01210-3",
isbn="0-262-01210-3",
address="Cambridge"
}


@manual{dvacetTri,
author="",
organization="",
title="Neuroscience Information Framework",
year="2011. http://www.neuinfo.org, (přístup 21.4.2011)",
}


@misc{sedmnactka,
      title = "OWL 2 Web Ontology Language Primer",
      author = "W3C",
      howpublished={\url{http://www.w3.org/TR/owl2-primer/}},
      year   = "2011 (přístup 20.3.2011)"
}




